%YAML 1.1
%TAG !u! tag:unity3d.com,2011:
--- !u!114 &-8502786285128975869
MonoBehaviour:
  m_ObjectHideFlags: 0
  m_CorrespondingSourceObject: {fileID: 0}
  m_PrefabInstance: {fileID: 0}
  m_PrefabAsset: {fileID: 0}
  m_GameObject: {fileID: 8695447764346555396}
  m_Enabled: 1
  m_EditorHideFlags: 0
  m_Script: {fileID: 11500000, guid: b6491673f7f120d45b769b7f241b8028, type: 3}
  m_Name: 
  m_EditorClassIdentifier: 
  attachedData: {fileID: 0}
  description: {fileID: 6399235518586462142}
  inputField: {fileID: 1364633162150273486}
--- !u!114 &8424521235812658545
MonoBehaviour:
  m_ObjectHideFlags: 0
  m_CorrespondingSourceObject: {fileID: 0}
  m_PrefabInstance: {fileID: 0}
  m_PrefabAsset: {fileID: 0}
  m_GameObject: {fileID: 8142356480084686273}
  m_Enabled: 1
  m_EditorHideFlags: 0
  m_Script: {fileID: 11500000, guid: 3245ec927659c4140ac4f8d17403cc18, type: 3}
  m_Name: 
  m_EditorClassIdentifier: 
  m_HorizontalFit: 0
  m_VerticalFit: 2
--- !u!1001 &7780617355480780984
PrefabInstance:
  m_ObjectHideFlags: 0
  serializedVersion: 2
  m_Modification:
    m_TransformParent: {fileID: 0}
    m_Modifications:
    - target: {fileID: 1393338420175871164, guid: 4e4dbcf7c1f9878448aa07c54247afd3,
        type: 3}
      propertyPath: m_Name
      value: BranchInputMultiLine
      objectReference: {fileID: 0}
    - target: {fileID: 1393338420175871165, guid: 4e4dbcf7c1f9878448aa07c54247afd3,
        type: 3}
      propertyPath: m_Pivot.x
      value: 0.5
      objectReference: {fileID: 0}
    - target: {fileID: 1393338420175871165, guid: 4e4dbcf7c1f9878448aa07c54247afd3,
        type: 3}
      propertyPath: m_Pivot.y
      value: 1
      objectReference: {fileID: 0}
    - target: {fileID: 1393338420175871165, guid: 4e4dbcf7c1f9878448aa07c54247afd3,
        type: 3}
      propertyPath: m_RootOrder
      value: 0
      objectReference: {fileID: 0}
    - target: {fileID: 1393338420175871165, guid: 4e4dbcf7c1f9878448aa07c54247afd3,
        type: 3}
      propertyPath: m_AnchorMax.x
      value: 0.5
      objectReference: {fileID: 0}
    - target: {fileID: 1393338420175871165, guid: 4e4dbcf7c1f9878448aa07c54247afd3,
        type: 3}
      propertyPath: m_AnchorMax.y
      value: 1
      objectReference: {fileID: 0}
    - target: {fileID: 1393338420175871165, guid: 4e4dbcf7c1f9878448aa07c54247afd3,
        type: 3}
      propertyPath: m_AnchorMin.x
      value: 0.5
      objectReference: {fileID: 0}
    - target: {fileID: 1393338420175871165, guid: 4e4dbcf7c1f9878448aa07c54247afd3,
        type: 3}
      propertyPath: m_AnchorMin.y
      value: 1
      objectReference: {fileID: 0}
    - target: {fileID: 1393338420175871165, guid: 4e4dbcf7c1f9878448aa07c54247afd3,
        type: 3}
      propertyPath: m_SizeDelta.x
      value: 1700
      objectReference: {fileID: 0}
    - target: {fileID: 1393338420175871165, guid: 4e4dbcf7c1f9878448aa07c54247afd3,
        type: 3}
      propertyPath: m_SizeDelta.y
      value: 0
      objectReference: {fileID: 0}
    - target: {fileID: 1393338420175871165, guid: 4e4dbcf7c1f9878448aa07c54247afd3,
        type: 3}
      propertyPath: m_LocalPosition.x
      value: 0
      objectReference: {fileID: 0}
    - target: {fileID: 1393338420175871165, guid: 4e4dbcf7c1f9878448aa07c54247afd3,
        type: 3}
      propertyPath: m_LocalPosition.y
      value: 0
      objectReference: {fileID: 0}
    - target: {fileID: 1393338420175871165, guid: 4e4dbcf7c1f9878448aa07c54247afd3,
        type: 3}
      propertyPath: m_LocalPosition.z
      value: 0
      objectReference: {fileID: 0}
    - target: {fileID: 1393338420175871165, guid: 4e4dbcf7c1f9878448aa07c54247afd3,
        type: 3}
      propertyPath: m_LocalRotation.w
      value: 1
      objectReference: {fileID: 0}
    - target: {fileID: 1393338420175871165, guid: 4e4dbcf7c1f9878448aa07c54247afd3,
        type: 3}
      propertyPath: m_LocalRotation.x
      value: 0
      objectReference: {fileID: 0}
    - target: {fileID: 1393338420175871165, guid: 4e4dbcf7c1f9878448aa07c54247afd3,
        type: 3}
      propertyPath: m_LocalRotation.y
      value: 0
      objectReference: {fileID: 0}
    - target: {fileID: 1393338420175871165, guid: 4e4dbcf7c1f9878448aa07c54247afd3,
        type: 3}
      propertyPath: m_LocalRotation.z
      value: 0
      objectReference: {fileID: 0}
    - target: {fileID: 1393338420175871165, guid: 4e4dbcf7c1f9878448aa07c54247afd3,
        type: 3}
      propertyPath: m_AnchoredPosition.x
      value: 0
      objectReference: {fileID: 0}
    - target: {fileID: 1393338420175871165, guid: 4e4dbcf7c1f9878448aa07c54247afd3,
        type: 3}
      propertyPath: m_AnchoredPosition.y
      value: -15
      objectReference: {fileID: 0}
    - target: {fileID: 1393338420175871165, guid: 4e4dbcf7c1f9878448aa07c54247afd3,
        type: 3}
      propertyPath: m_LocalEulerAnglesHint.x
      value: 0
      objectReference: {fileID: 0}
    - target: {fileID: 1393338420175871165, guid: 4e4dbcf7c1f9878448aa07c54247afd3,
        type: 3}
      propertyPath: m_LocalEulerAnglesHint.y
      value: 0
      objectReference: {fileID: 0}
    - target: {fileID: 1393338420175871165, guid: 4e4dbcf7c1f9878448aa07c54247afd3,
        type: 3}
      propertyPath: m_LocalEulerAnglesHint.z
      value: 0
      objectReference: {fileID: 0}
    - target: {fileID: 1676666464050454376, guid: 4e4dbcf7c1f9878448aa07c54247afd3,
        type: 3}
      propertyPath: m_inputSource
      value: 0
      objectReference: {fileID: 0}
    - target: {fileID: 1676666464050454376, guid: 4e4dbcf7c1f9878448aa07c54247afd3,
        type: 3}
      propertyPath: m_textAlignment
      value: 65535
      objectReference: {fileID: 0}
    - target: {fileID: 1676666464050454376, guid: 4e4dbcf7c1f9878448aa07c54247afd3,
        type: 3}
      propertyPath: m_VerticalAlignment
      value: 256
      objectReference: {fileID: 0}
    - target: {fileID: 1676666464050454376, guid: 4e4dbcf7c1f9878448aa07c54247afd3,
        type: 3}
      propertyPath: m_enableWordWrapping
      value: 1
      objectReference: {fileID: 0}
    - target: {fileID: 1676666464050454376, guid: 4e4dbcf7c1f9878448aa07c54247afd3,
        type: 3}
      propertyPath: m_havePropertiesChanged
      value: 0
      objectReference: {fileID: 0}
    - target: {fileID: 1676666464050454376, guid: 4e4dbcf7c1f9878448aa07c54247afd3,
        type: 3}
      propertyPath: m_isInputParsingRequired
      value: 0
      objectReference: {fileID: 0}
    - target: {fileID: 3689829692543815430, guid: 4e4dbcf7c1f9878448aa07c54247afd3,
        type: 3}
      propertyPath: m_text
      value: 
      objectReference: {fileID: 0}
    - target: {fileID: 3689829692543815430, guid: 4e4dbcf7c1f9878448aa07c54247afd3,
        type: 3}
      propertyPath: m_fontSize
      value: 26
      objectReference: {fileID: 0}
    - target: {fileID: 3689829692543815430, guid: 4e4dbcf7c1f9878448aa07c54247afd3,
        type: 3}
      propertyPath: m_fontColor.b
      value: 1
      objectReference: {fileID: 0}
    - target: {fileID: 3689829692543815430, guid: 4e4dbcf7c1f9878448aa07c54247afd3,
        type: 3}
      propertyPath: m_fontColor.g
      value: 1
      objectReference: {fileID: 0}
    - target: {fileID: 3689829692543815430, guid: 4e4dbcf7c1f9878448aa07c54247afd3,
        type: 3}
      propertyPath: m_fontColor.r
      value: 1
      objectReference: {fileID: 0}
    - target: {fileID: 3689829692543815430, guid: 4e4dbcf7c1f9878448aa07c54247afd3,
        type: 3}
      propertyPath: m_fontSizeMax
      value: 0
      objectReference: {fileID: 0}
    - target: {fileID: 3689829692543815430, guid: 4e4dbcf7c1f9878448aa07c54247afd3,
        type: 3}
      propertyPath: m_fontSizeMin
      value: 0
      objectReference: {fileID: 0}
    - target: {fileID: 3689829692543815430, guid: 4e4dbcf7c1f9878448aa07c54247afd3,
        type: 3}
      propertyPath: m_fontSizeBase
      value: 26
      objectReference: {fileID: 0}
    - target: {fileID: 3689829692543815430, guid: 4e4dbcf7c1f9878448aa07c54247afd3,
        type: 3}
      propertyPath: m_enableKerning
      value: 0
      objectReference: {fileID: 0}
    - target: {fileID: 3689829692543815430, guid: 4e4dbcf7c1f9878448aa07c54247afd3,
        type: 3}
      propertyPath: m_textAlignment
      value: 65535
      objectReference: {fileID: 0}
    - target: {fileID: 3689829692543815430, guid: 4e4dbcf7c1f9878448aa07c54247afd3,
        type: 3}
      propertyPath: m_isOrthographic
      value: 1
      objectReference: {fileID: 0}
    - target: {fileID: 3689829692543815430, guid: 4e4dbcf7c1f9878448aa07c54247afd3,
        type: 3}
      propertyPath: m_fontColor32.rgba
      value: 4294967295
      objectReference: {fileID: 0}
    - target: {fileID: 3689829692543815430, guid: 4e4dbcf7c1f9878448aa07c54247afd3,
        type: 3}
      propertyPath: m_VerticalAlignment
      value: 256
      objectReference: {fileID: 0}
    - target: {fileID: 3689829692543815430, guid: 4e4dbcf7c1f9878448aa07c54247afd3,
        type: 3}
      propertyPath: m_enableWordWrapping
      value: 0
      objectReference: {fileID: 0}
    - target: {fileID: 3689829692543815430, guid: 4e4dbcf7c1f9878448aa07c54247afd3,
        type: 3}
      propertyPath: m_textInfo.lineCount
      value: 0
      objectReference: {fileID: 0}
    - target: {fileID: 3689829692543815430, guid: 4e4dbcf7c1f9878448aa07c54247afd3,
        type: 3}
      propertyPath: m_textInfo.pageCount
      value: 0
      objectReference: {fileID: 0}
    - target: {fileID: 3689829692543815430, guid: 4e4dbcf7c1f9878448aa07c54247afd3,
        type: 3}
      propertyPath: m_textInfo.wordCount
      value: 0
      objectReference: {fileID: 0}
    - target: {fileID: 3689829692543815430, guid: 4e4dbcf7c1f9878448aa07c54247afd3,
        type: 3}
      propertyPath: m_textInfo.spaceCount
      value: 0
      objectReference: {fileID: 0}
    - target: {fileID: 3689829692543815430, guid: 4e4dbcf7c1f9878448aa07c54247afd3,
        type: 3}
      propertyPath: m_havePropertiesChanged
      value: 0
      objectReference: {fileID: 0}
    - target: {fileID: 3689829692543815430, guid: 4e4dbcf7c1f9878448aa07c54247afd3,
        type: 3}
      propertyPath: m_isInputParsingRequired
      value: 0
      objectReference: {fileID: 0}
    - target: {fileID: 3689829692543815430, guid: 4e4dbcf7c1f9878448aa07c54247afd3,
        type: 3}
      propertyPath: m_textInfo.materialCount
      value: 1
      objectReference: {fileID: 0}
    - target: {fileID: 3689829692543815430, guid: 4e4dbcf7c1f9878448aa07c54247afd3,
        type: 3}
      propertyPath: m_textInfo.textComponent
      value: 
      objectReference: {fileID: 6399235518586462142}
    - target: {fileID: 3689829692543815430, guid: 4e4dbcf7c1f9878448aa07c54247afd3,
        type: 3}
      propertyPath: m_textInfo.characterCount
      value: 0
      objectReference: {fileID: 0}
    - target: {fileID: 3818341262438479363, guid: 4e4dbcf7c1f9878448aa07c54247afd3,
        type: 3}
      propertyPath: m_AnchorMax.y
      value: 0
      objectReference: {fileID: 0}
    - target: {fileID: 3818341262438479363, guid: 4e4dbcf7c1f9878448aa07c54247afd3,
        type: 3}
      propertyPath: m_AnchorMin.y
      value: 0
      objectReference: {fileID: 0}
    - target: {fileID: 3818341262438479363, guid: 4e4dbcf7c1f9878448aa07c54247afd3,
        type: 3}
      propertyPath: m_SizeDelta.x
      value: 500
      objectReference: {fileID: 0}
    - target: {fileID: 3818341262438479363, guid: 4e4dbcf7c1f9878448aa07c54247afd3,
        type: 3}
      propertyPath: m_SizeDelta.y
      value: 65
      objectReference: {fileID: 0}
    - target: {fileID: 3818341262438479363, guid: 4e4dbcf7c1f9878448aa07c54247afd3,
        type: 3}
      propertyPath: m_AnchoredPosition.x
      value: 0
      objectReference: {fileID: 0}
    - target: {fileID: 3818341262438479363, guid: 4e4dbcf7c1f9878448aa07c54247afd3,
        type: 3}
      propertyPath: m_AnchoredPosition.y
      value: 0
      objectReference: {fileID: 0}
    - target: {fileID: 4146440219949491360, guid: 4e4dbcf7c1f9878448aa07c54247afd3,
        type: 3}
      propertyPath: m_SizeDelta.y
      value: -7
      objectReference: {fileID: 0}
    - target: {fileID: 4146440219949491360, guid: 4e4dbcf7c1f9878448aa07c54247afd3,
        type: 3}
      propertyPath: m_AnchoredPosition.y
      value: -3.5
      objectReference: {fileID: 0}
    - target: {fileID: 4396785178964072983, guid: 4e4dbcf7c1f9878448aa07c54247afd3,
        type: 3}
      propertyPath: m_SizeDelta.y
      value: -7
      objectReference: {fileID: 0}
    - target: {fileID: 4396785178964072983, guid: 4e4dbcf7c1f9878448aa07c54247afd3,
        type: 3}
      propertyPath: m_AnchoredPosition.y
      value: -3.5
      objectReference: {fileID: 0}
    - target: {fileID: 6635810372260150466, guid: 4e4dbcf7c1f9878448aa07c54247afd3,
        type: 3}
      propertyPath: m_AnchorMax.y
      value: 0
      objectReference: {fileID: 0}
    - target: {fileID: 6635810372260150466, guid: 4e4dbcf7c1f9878448aa07c54247afd3,
        type: 3}
      propertyPath: m_AnchorMin.y
      value: 0
      objectReference: {fileID: 0}
    - target: {fileID: 6635810372260150466, guid: 4e4dbcf7c1f9878448aa07c54247afd3,
        type: 3}
      propertyPath: m_SizeDelta.y
      value: 0
      objectReference: {fileID: 0}
    - target: {fileID: 6635810372260150466, guid: 4e4dbcf7c1f9878448aa07c54247afd3,
        type: 3}
      propertyPath: m_AnchoredPosition.y
      value: 0
      objectReference: {fileID: 0}
    - target: {fileID: 6796887831919314695, guid: 4e4dbcf7c1f9878448aa07c54247afd3,
        type: 3}
      propertyPath: m_inputSource
      value: 0
      objectReference: {fileID: 0}
    - target: {fileID: 6796887831919314695, guid: 4e4dbcf7c1f9878448aa07c54247afd3,
        type: 3}
      propertyPath: m_textAlignment
      value: 65535
      objectReference: {fileID: 0}
    - target: {fileID: 6796887831919314695, guid: 4e4dbcf7c1f9878448aa07c54247afd3,
        type: 3}
      propertyPath: m_TextStyleHashCode
      value: -1183493901
      objectReference: {fileID: 0}
    - target: {fileID: 6796887831919314695, guid: 4e4dbcf7c1f9878448aa07c54247afd3,
        type: 3}
      propertyPath: m_havePropertiesChanged
      value: 0
      objectReference: {fileID: 0}
    - target: {fileID: 6796887831919314695, guid: 4e4dbcf7c1f9878448aa07c54247afd3,
        type: 3}
      propertyPath: m_isInputParsingRequired
      value: 0
      objectReference: {fileID: 0}
    - target: {fileID: 8014430916095473834, guid: 4e4dbcf7c1f9878448aa07c54247afd3,
        type: 3}
      propertyPath: m_AnchorMax.y
      value: 0
      objectReference: {fileID: 0}
    - target: {fileID: 8014430916095473834, guid: 4e4dbcf7c1f9878448aa07c54247afd3,
        type: 3}
      propertyPath: m_AnchorMin.y
      value: 0
      objectReference: {fileID: 0}
    - target: {fileID: 8014430916095473834, guid: 4e4dbcf7c1f9878448aa07c54247afd3,
        type: 3}
      propertyPath: m_AnchoredPosition.x
      value: 0
      objectReference: {fileID: 0}
    - target: {fileID: 8014430916095473834, guid: 4e4dbcf7c1f9878448aa07c54247afd3,
        type: 3}
      propertyPath: m_AnchoredPosition.y
      value: 0
      objectReference: {fileID: 0}
    - target: {fileID: 8721898955073696118, guid: 4e4dbcf7c1f9878448aa07c54247afd3,
        type: 3}
      propertyPath: m_LineType
      value: 2
      objectReference: {fileID: 0}
    m_RemovedComponents:
    - {fileID: 3408740756569538849, guid: 4e4dbcf7c1f9878448aa07c54247afd3, type: 3}
    - {fileID: 6411568468001558060, guid: 4e4dbcf7c1f9878448aa07c54247afd3, type: 3}
  m_SourcePrefab: {fileID: 100100000, guid: 4e4dbcf7c1f9878448aa07c54247afd3, type: 3}
--- !u!1 &8695447764346555396 stripped
GameObject:
  m_CorrespondingSourceObject: {fileID: 1393338420175871164, guid: 4e4dbcf7c1f9878448aa07c54247afd3,
    type: 3}
  m_PrefabInstance: {fileID: 7780617355480780984}
  m_PrefabAsset: {fileID: 0}
--- !u!1 &8142356480084686273 stripped
GameObject:
  m_CorrespondingSourceObject: {fileID: 1947024360097703289, guid: 4e4dbcf7c1f9878448aa07c54247afd3,
    type: 3}
  m_PrefabInstance: {fileID: 7780617355480780984}
  m_PrefabAsset: {fileID: 0}
--- !u!114 &6399235518586462142 stripped
MonoBehaviour:
  m_CorrespondingSourceObject: {fileID: 3689829692543815430, guid: 4e4dbcf7c1f9878448aa07c54247afd3,
    type: 3}
  m_PrefabInstance: {fileID: 7780617355480780984}
  m_PrefabAsset: {fileID: 0}
  m_GameObject: {fileID: 8142356480084686273}
  m_Enabled: 1
  m_EditorHideFlags: 0
  m_Script: {fileID: 11500000, guid: f4688fdb7df04437aeb418b961361dc5, type: 3}
  m_Name: 
  m_EditorClassIdentifier: 
--- !u!114 &1364633162150273486 stripped
MonoBehaviour:
  m_CorrespondingSourceObject: {fileID: 8721898955073696118, guid: 4e4dbcf7c1f9878448aa07c54247afd3,
    type: 3}
  m_PrefabInstance: {fileID: 7780617355480780984}
  m_PrefabAsset: {fileID: 0}
  m_GameObject: {fileID: 0}
  m_Enabled: 1
  m_EditorHideFlags: 0
  m_Script: {fileID: 11500000, guid: 2da0c512f12947e489f739169773d7ca, type: 3}
  m_Name: 
  m_EditorClassIdentifier: 
