%YAML 1.1
%TAG !u! tag:unity3d.com,2011:
--- !u!1 &2419718641704426613
GameObject:
  m_ObjectHideFlags: 0
  m_CorrespondingSourceObject: {fileID: 0}
  m_PrefabInstance: {fileID: 0}
  m_PrefabAsset: {fileID: 0}
  serializedVersion: 6
  m_Component:
  - component: {fileID: 2414604842134667767}
  - component: {fileID: 2443778676433760865}
  - component: {fileID: 2432442829262384735}
  - component: {fileID: 2412724884451845823}
  - component: {fileID: 6315744366191489554}
  - component: {fileID: 6315744366191489553}
  - component: {fileID: 6315744366191489552}
  m_Layer: 0
  m_Name: water-bottle
  m_TagString: Bottle
  m_Icon: {fileID: 0}
  m_NavMeshLayer: 0
  m_StaticEditorFlags: 0
  m_IsActive: 1
--- !u!4 &2414604842134667767
Transform:
  m_ObjectHideFlags: 0
  m_CorrespondingSourceObject: {fileID: 0}
  m_PrefabInstance: {fileID: 0}
  m_PrefabAsset: {fileID: 0}
  m_GameObject: {fileID: 2419718641704426613}
  m_LocalRotation: {x: 0, y: 0, z: 0, w: 1}
  m_LocalPosition: {x: 11.206829, y: 3.389999, z: -7.146241}
  m_LocalScale: {x: 1, y: 1, z: 1}
  m_Children:
  - {fileID: 1654766607642488048}
  m_Father: {fileID: 0}
  m_RootOrder: 0
  m_LocalEulerAnglesHint: {x: 0, y: 0, z: 0}
--- !u!33 &2443778676433760865
MeshFilter:
  m_ObjectHideFlags: 0
  m_CorrespondingSourceObject: {fileID: 0}
  m_PrefabInstance: {fileID: 0}
  m_PrefabAsset: {fileID: 0}
  m_GameObject: {fileID: 2419718641704426613}
  m_Mesh: {fileID: 4300000, guid: 730413aeff6da4f5888a7676a02f06f0, type: 3}
--- !u!23 &2432442829262384735
MeshRenderer:
  m_ObjectHideFlags: 0
  m_CorrespondingSourceObject: {fileID: 0}
  m_PrefabInstance: {fileID: 0}
  m_PrefabAsset: {fileID: 0}
  m_GameObject: {fileID: 2419718641704426613}
  m_Enabled: 1
  m_CastShadows: 1
  m_ReceiveShadows: 1
  m_DynamicOccludee: 1
  m_MotionVectors: 1
  m_LightProbeUsage: 1
  m_ReflectionProbeUsage: 1
  m_RayTracingMode: 2
  m_RenderingLayerMask: 1
  m_RendererPriority: 0
  m_Materials:
  - {fileID: 2100000, guid: 5f35ae9530edec84085e28d4c3302e29, type: 2}
  - {fileID: 2100000, guid: 4ea8e2de4ac6b564c98a36f67a2ad64f, type: 2}
  m_StaticBatchInfo:
    firstSubMesh: 0
    subMeshCount: 0
  m_StaticBatchRoot: {fileID: 0}
  m_ProbeAnchor: {fileID: 0}
  m_LightProbeVolumeOverride: {fileID: 0}
  m_ScaleInLightmap: 1
  m_ReceiveGI: 1
  m_PreserveUVs: 0
  m_IgnoreNormalsForChartDetection: 0
  m_ImportantGI: 0
  m_StitchLightmapSeams: 1
  m_SelectedEditorRenderState: 3
  m_MinimumChartSize: 4
  m_AutoUVMaxDistance: 0.5
  m_AutoUVMaxAngle: 89
  m_LightmapParameters: {fileID: 0}
  m_SortingLayerID: 0
  m_SortingLayer: 0
  m_SortingOrder: 0
--- !u!65 &2412724884451845823
BoxCollider:
  m_ObjectHideFlags: 0
  m_CorrespondingSourceObject: {fileID: 0}
  m_PrefabInstance: {fileID: 0}
  m_PrefabAsset: {fileID: 0}
  m_GameObject: {fileID: 2419718641704426613}
  m_Material: {fileID: 0}
  m_IsTrigger: 0
  m_Enabled: 1
  serializedVersion: 2
  m_Size: {x: 0.16000028, y: 0.4743478, z: 0.16000028}
  m_Center: {x: 0, y: 0.23591255, z: 0}
--- !u!114 &6315744366191489554
MonoBehaviour:
  m_ObjectHideFlags: 0
  m_CorrespondingSourceObject: {fileID: 0}
  m_PrefabInstance: {fileID: 0}
  m_PrefabAsset: {fileID: 0}
  m_GameObject: {fileID: 2419718641704426613}
  m_Enabled: 1
  m_EditorHideFlags: 0
  m_Script: {fileID: 11500000, guid: f222b00e778751744b337442cc8dc18c, type: 3}
  m_Name: 
  m_EditorClassIdentifier: 
  rotationAmount: {x: 0, y: 0, z: 0}
  offsetAmount: {x: 0, y: 0, z: 0}
--- !u!54 &6315744366191489553
Rigidbody:
  m_ObjectHideFlags: 0
  m_CorrespondingSourceObject: {fileID: 0}
  m_PrefabInstance: {fileID: 0}
  m_PrefabAsset: {fileID: 0}
  m_GameObject: {fileID: 2419718641704426613}
  serializedVersion: 2
  m_Mass: 1
  m_Drag: 0
  m_AngularDrag: 0.05
  m_UseGravity: 1
  m_IsKinematic: 0
  m_Interpolate: 0
  m_Constraints: 0
  m_CollisionDetection: 0
--- !u!65 &6315744366191489552
BoxCollider:
  m_ObjectHideFlags: 0
  m_CorrespondingSourceObject: {fileID: 0}
  m_PrefabInstance: {fileID: 0}
  m_PrefabAsset: {fileID: 0}
  m_GameObject: {fileID: 2419718641704426613}
  m_Material: {fileID: 0}
  m_IsTrigger: 1
  m_Enabled: 1
  serializedVersion: 2
  m_Size: {x: 1, y: 1, z: 1}
  m_Center: {x: 0, y: 0.23591255, z: 0}
--- !u!1001 &8517038351607364296
PrefabInstance:
  m_ObjectHideFlags: 0
  serializedVersion: 2
  m_Modification:
    m_TransformParent: {fileID: 2414604842134667767}
    m_Modifications:
    - target: {fileID: 6972821505530533432, guid: cc672a4b8ee516a41b05bf4c69202e0b,
        type: 3}
      propertyPath: m_LocalPosition.x
      value: 0
      objectReference: {fileID: 0}
    - target: {fileID: 6972821505530533432, guid: cc672a4b8ee516a41b05bf4c69202e0b,
        type: 3}
      propertyPath: m_LocalPosition.y
      value: 0
      objectReference: {fileID: 0}
    - target: {fileID: 6972821505530533432, guid: cc672a4b8ee516a41b05bf4c69202e0b,
        type: 3}
      propertyPath: m_LocalPosition.z
      value: 0
      objectReference: {fileID: 0}
    - target: {fileID: 6972821505530533432, guid: cc672a4b8ee516a41b05bf4c69202e0b,
        type: 3}
      propertyPath: m_LocalRotation.x
      value: 0.000000029802322
      objectReference: {fileID: 0}
    - target: {fileID: 6972821505530533432, guid: cc672a4b8ee516a41b05bf4c69202e0b,
        type: 3}
      propertyPath: m_LocalRotation.y
      value: -0.0021053848
      objectReference: {fileID: 0}
    - target: {fileID: 6972821505530533432, guid: cc672a4b8ee516a41b05bf4c69202e0b,
        type: 3}
      propertyPath: m_LocalRotation.z
      value: 0.000000029802322
      objectReference: {fileID: 0}
    - target: {fileID: 6972821505530533432, guid: cc672a4b8ee516a41b05bf4c69202e0b,
        type: 3}
      propertyPath: m_LocalRotation.w
      value: 0.9999978
      objectReference: {fileID: 0}
    - target: {fileID: 6972821505530533432, guid: cc672a4b8ee516a41b05bf4c69202e0b,
        type: 3}
      propertyPath: m_RootOrder
      value: 0
      objectReference: {fileID: 0}
    - target: {fileID: 6972821505530533432, guid: cc672a4b8ee516a41b05bf4c69202e0b,
        type: 3}
      propertyPath: m_LocalEulerAnglesHint.x
      value: 0
      objectReference: {fileID: 0}
    - target: {fileID: 6972821505530533432, guid: cc672a4b8ee516a41b05bf4c69202e0b,
        type: 3}
      propertyPath: m_LocalEulerAnglesHint.y
      value: 90.00001
      objectReference: {fileID: 0}
    - target: {fileID: 6972821505530533432, guid: cc672a4b8ee516a41b05bf4c69202e0b,
        type: 3}
      propertyPath: m_LocalEulerAnglesHint.z
      value: 90.00001
      objectReference: {fileID: 0}
    - target: {fileID: 6972821505530533432, guid: cc672a4b8ee516a41b05bf4c69202e0b,
        type: 3}
      propertyPath: m_AnchoredPosition.x
      value: 0
      objectReference: {fileID: 0}
    - target: {fileID: 6972821505530533432, guid: cc672a4b8ee516a41b05bf4c69202e0b,
        type: 3}
      propertyPath: m_AnchoredPosition.y
      value: 0.976
      objectReference: {fileID: 0}
    - target: {fileID: 6972821505530533432, guid: cc672a4b8ee516a41b05bf4c69202e0b,
        type: 3}
      propertyPath: m_SizeDelta.x
      value: 100
      objectReference: {fileID: 0}
    - target: {fileID: 6972821505530533432, guid: cc672a4b8ee516a41b05bf4c69202e0b,
        type: 3}
      propertyPath: m_SizeDelta.y
      value: 100
      objectReference: {fileID: 0}
    - target: {fileID: 6972821505530533432, guid: cc672a4b8ee516a41b05bf4c69202e0b,
        type: 3}
      propertyPath: m_AnchorMin.x
      value: 0
      objectReference: {fileID: 0}
    - target: {fileID: 6972821505530533432, guid: cc672a4b8ee516a41b05bf4c69202e0b,
        type: 3}
      propertyPath: m_AnchorMin.y
      value: 0
      objectReference: {fileID: 0}
    - target: {fileID: 6972821505530533432, guid: cc672a4b8ee516a41b05bf4c69202e0b,
        type: 3}
      propertyPath: m_AnchorMax.x
      value: 0
      objectReference: {fileID: 0}
    - target: {fileID: 6972821505530533432, guid: cc672a4b8ee516a41b05bf4c69202e0b,
        type: 3}
      propertyPath: m_AnchorMax.y
      value: 0
      objectReference: {fileID: 0}
    - target: {fileID: 6972821505530533432, guid: cc672a4b8ee516a41b05bf4c69202e0b,
        type: 3}
      propertyPath: m_Pivot.x
      value: 0.5
      objectReference: {fileID: 0}
    - target: {fileID: 6972821505530533432, guid: cc672a4b8ee516a41b05bf4c69202e0b,
        type: 3}
      propertyPath: m_Pivot.y
      value: 0.5
      objectReference: {fileID: 0}
    - target: {fileID: 6972821505530533432, guid: cc672a4b8ee516a41b05bf4c69202e0b,
        type: 3}
      propertyPath: m_LocalScale.x
      value: 0.003501907
      objectReference: {fileID: 0}
    - target: {fileID: 6972821505530533432, guid: cc672a4b8ee516a41b05bf4c69202e0b,
        type: 3}
      propertyPath: m_LocalScale.y
      value: 0.003501907
      objectReference: {fileID: 0}
    - target: {fileID: 6972821505530533432, guid: cc672a4b8ee516a41b05bf4c69202e0b,
        type: 3}
      propertyPath: m_LocalScale.z
      value: 0.003501907
      objectReference: {fileID: 0}
    - target: {fileID: 6972821505530533436, guid: cc672a4b8ee516a41b05bf4c69202e0b,
        type: 3}
      propertyPath: m_Name
      value: InteractPromptCanvas
      objectReference: {fileID: 0}
    m_RemovedComponents: []
  m_SourcePrefab: {fileID: 100100000, guid: cc672a4b8ee516a41b05bf4c69202e0b, type: 3}
--- !u!224 &1654766607642488048 stripped
RectTransform:
  m_CorrespondingSourceObject: {fileID: 6972821505530533432, guid: cc672a4b8ee516a41b05bf4c69202e0b,
    type: 3}
  m_PrefabInstance: {fileID: 8517038351607364296}
  m_PrefabAsset: {fileID: 0}
